@article{DBLP:journals/ci/CulbersonS98,
  author    = {Joseph C. Culberson and
               Jonathan Schaeffer},
  title     = {Pattern Databases},
  journal   = {Computational Intelligence},
  volume    = {14},
  number    = {3},
  year      = {1998},
  pages     = {318-334},
  ee        = {http://dx.doi.org/10.1111/0824-7935.00065},
  bibsource = {DBLP, http://dblp.uni-trier.de}
}

@inproceedings{DBLP:conf/sara/HolteGT05,
  author    = {Robert C. Holte and
               Jeffery Grajkowski and
               Brian Tanner},
  title     = {Hierarchical Heuristic Search Revisited},
  booktitle = {SARA},
  year      = {2005},
  pages     = {121-133},
  ee        = {http://dx.doi.org/10.1007/11527862_9},
  crossref  = {DBLP:conf/sara/2005},
  bibsource = {DBLP, http://dblp.uni-trier.de}
}

@proceedings{DBLP:conf/sara/2005,
  editor    = {Jean-Daniel Zucker and
               Lorenza Saitta},
  title     = {Abstraction, Reformulation and Approximation, 6th International
               Symposium, SARA 2005, Airth Castle, Scotland, UK, July 26-29,
               2005, Proceedings},
  booktitle = {SARA},
  publisher = {Springer},
  series    = {Lecture Notes in Computer Science},
  volume    = {3607},
  year      = {2005},
  isbn      = {3-540-27872-9},
  bibsource = {DBLP, http://dblp.uni-trier.de}
}
